@BOOK{cum_dist,
  TITLE = {Fundamentals of Mathematical Statistics},
  AUTHOR = {Hung T. NguyenGerald S. Rogers},
  YEAR = {1989}, 
  PUBLISHER = {Springer},
}
